@book{Kurose12,
  Author = {James F. Kurose and Keith W. Ross},
  Title = {Computer Networking: A Top-Down Approach (6th Edition)},
  Publisher = {Pearson},
  Year = {2012},
  ISBN = {0132856204},
  URL = {http://www.amazon.com/Computer-Networking-Top-Down-Approach-Edition/dp/0132856204%3FSubscriptionId%3D0JYN1NVW651KCA56C102%26tag%3Dtechkie-20%26linkCode%3Dxm2%26camp%3D2025%26creative%3D165953%26creativeASIN%3D0132856204}
}
